@InProceedings{kiesel:2021e,
  author =                   {Johannes Kiesel and Nico Reichenbach and Benno Stein and Martin Potthast},
  booktitle =                {8th Workshop on Argument Mining (ArgMining 2021) at EMNLP},
  doi =                      {10.18653/v1/2021.argmining-1.4},
  editor =                   {Khalid Al-Khatib and Yufang Hou and Manfred Stede},
  ids =                      {potthast:2021zj},
  month =                    nov,
  pages =                    {36-45},
  publisher =                {Association for Computational Linguistics},
  site =                     {Punta Cana, Dominican Republic},
  title =                    {{Image Retrieval for Arguments Using Stance-Aware Query Expansion}},
  url =                      {https://aclanthology.org/2021.argmining-1.4/},
  year =                     2021
}
